<?xml version="1.0" encoding="UTF-8"?>
<Document xmlns="urn:iso:std:iso:20022:tech:xsd:camt.053.001.02">
  <BkToCstmrStmt>
    <GrpHdr>
      <MsgId>TOCAMT20200401000000</MsgId>
      <CreDtTm>2020-05-01T00:00:00Z</CreDtTm>
    </GrpHdr>
    <Stmt>
      <Id>ST-000000-20200401</Id>
      <CreDtTm>2020-05-01T00:00:00Z</CreDtTm>
      <FrToDt>
        <FrDtTm>2020-04-01T00:00:00Z</FrDtTm>
        <ToDtTm>2020-04-30T23:59:59Z</ToDtTm>
      </FrToDt>
      <Acct>
        <Id>
          <IBAN>ES0000000000000000000000</IBAN>
        </Id>
        <Ccy>EUR</Ccy>
        <Nm>EXAMPLE COMPANY SL</Nm>
        <Ownr>
          <Nm>EXAMPLE COMPANY SL</Nm>
        </Ownr>
      </Acct>
      <Bal>
        <Tp>
          <CdOrPrtry>
            <Cd>OPBD</Cd>
          </CdOrPrtry>
        </Tp>
        <Amt Ccy="EUR">21502.60</Amt>
        <CdtDbtInd>CRDT</CdtDbtInd>
        <Dt>
          <Dt>2020-04-01</Dt>
        </Dt>
      </Bal>
      <Bal>
        <Tp>
          <CdOrPrtry>
            <Cd>CLBD</Cd>
          </CdOrPrtry>
        </Tp>
        <Amt Ccy="EUR">24002.29</Amt>
        <CdtDbtInd>CRDT</CdtDbtInd>
        <Dt>
          <Dt>2020-04-30</Dt>
        </Dt>
      </Bal>
      <Ntry>
        <Amt Ccy="EUR">311.70</Amt>
        <CdtDbtInd>DBIT</CdtDbtInd>
        <Sts>BOOK</Sts>
        <BookgDt>
          <Dt>2020-04-28</Dt>
        </BookgDt>
        <ValDt>
          <Dt>2020-04-28</Dt>
        </ValDt>
        <BkTxCd>
          <Domn>
            <Cd>PMNT</Cd>
            <Fmly>
              <Cd>ICDT</Cd>
              <SubFmlyCd>ESCT</SubFmlyCd>
            </Fmly>
          </Domn>
          <Prtry>
            <Cd>002</Cd>
            <Issr>tocamt</Issr>
          </Prtry>
        </BkTxCd>
        <NtryDtls>
          <TxDtls>
            <RmtInf>
              <Ustrd>COMPRA EN ONLINE STORE A, CON LA TARJETA : 0000000000000000 EL 26/04/2020 | - | 0000000000000000</Ustrd>
            </RmtInf>
          </TxDtls>
        </NtryDtls>
        <AddtlNtryInf>COMPRA EN ONLINE STORE A, CON LA TARJETA : 0000000000000000 EL 26/04/2020 | - | 0000000000000000</AddtlNtryInf>
      </Ntry>
      <Ntry>
        <Amt Ccy="EUR">421.96</Amt>
        <CdtDbtInd>CRDT</CdtDbtInd>
        <Sts>BOOK</Sts>
        <BookgDt>
          <Dt>2020-04-27</Dt>
        </BookgDt>
        <ValDt>
          <Dt>2020-04-27</Dt>
        </ValDt>
        <BkTxCd>
          <Domn>
            <Cd>PMNT</Cd>
            <Fmly>
              <Cd>RCDT</Cd>
              <SubFmlyCd>ESCT</SubFmlyCd>
            </Fmly>
          </Domn>
          <Prtry>
            <Cd>001</Cd>
            <Issr>tocamt</Issr>
          </Prtry>
        </BkTxCd>
        <NtryDtls>
          <TxDtls>
            <RmtInf>
              <Ustrd>ABONO EN LA TARJETA 0000000000000000 EL 24/04/2020 | - | 0000000000000000</Ustrd>
            </RmtInf>
          </TxDtls>
        </NtryDtls>
        <AddtlNtryInf>ABONO EN LA TARJETA 0000000000000000 EL 24/04/2020 | - | 0000000000000000</AddtlNtryInf>
      </Ntry>
      <Ntry>
        <Amt Ccy="EUR">119.24</Amt>
        <CdtDbtInd>DBIT</CdtDbtInd>
        <Sts>BOOK</Sts>
        <BookgDt>
          <Dt>2020-04-27</Dt>
        </BookgDt>
        <ValDt>
          <Dt>2020-04-27</Dt>
        </ValDt>
        <BkTxCd>
          <Domn>
            <Cd>PMNT</Cd>
            <Fmly>
              <Cd>ICDT</Cd>
              <SubFmlyCd>ESCT</SubFmlyCd>
            </Fmly>
          </Domn>
          <Prtry>
            <Cd>136</Cd>
            <Issr>tocamt</Issr>
          </Prtry>
        </BkTxCd>
        <NtryDtls>
          <TxDtls>
            <RmtInf>
              <Ustrd>COMPRA EN MERCHANT B, CON LA TARJETA : 0000000000000000 EL 27/04/2020 | - | 0000000000000000</Ustrd>
            </RmtInf>
          </TxDtls>
        </NtryDtls>
        <AddtlNtryInf>COMPRA EN MERCHANT B, CON LA TARJETA : 0000000000000000 EL 27/04/2020 | - | 0000000000000000</AddtlNtryInf>
      </Ntry>
      <Ntry>
        <Amt Ccy="EUR">421.96</Amt>
        <CdtDbtInd>DBIT</CdtDbtInd>
        <Sts>BOOK</Sts>
        <BookgDt>
          <Dt>2020-04-24</Dt>
        </BookgDt>
        <ValDt>
          <Dt>2020-04-24</Dt>
        </ValDt>
        <BkTxCd>
          <Domn>
            <Cd>PMNT</Cd>
            <Fmly>
              <Cd>ICDT</Cd>
              <SubFmlyCd>ESCT</SubFmlyCd>
            </Fmly>
          </Domn>
          <Prtry>
            <Cd>002</Cd>
            <Issr>tocamt</Issr>
          </Prtry>
        </BkTxCd>
        <NtryDtls>
          <TxDtls>
            <RmtInf>
              <Ustrd>COMPRA EN ONLINE STORE C, CON LA TARJETA : 0000000000000000 EL 22/04/2020 | - | 0000000000000000</Ustrd>
            </RmtInf>
          </TxDtls>
        </NtryDtls>
        <AddtlNtryInf>COMPRA EN ONLINE STORE C, CON LA TARJETA : 0000000000000000 EL 22/04/2020 | - | 0000000000000000</AddtlNtryInf>
      </Ntry>
      <Ntry>
        <Amt Ccy="EUR">86.84</Amt>
        <CdtDbtInd>DBIT</CdtDbtInd>
        <Sts>BOOK</Sts>
        <BookgDt>
          <Dt>2020-04-23</Dt>
        </BookgDt>
        <ValDt>
          <Dt>2020-04-23</Dt>
        </ValDt>
        <BkTxCd>
          <Domn>
            <Cd>PMNT</Cd>
            <Fmly>
              <Cd>ICDT</Cd>
              <SubFmlyCd>ESCT</SubFmlyCd>
            </Fmly>
          </Domn>
          <Prtry>
            <Cd>002</Cd>
            <Issr>tocamt</Issr>
          </Prtry>
        </BkTxCd>
        <NtryDtls>
          <TxDtls>
            <RmtInf>
              <Ustrd>COMPRA EN ONLINE STORE D, CON LA TARJETA : 0000000000000000 EL 21/04/2020 | - | 0000000000000000</Ustrd>
            </RmtInf>
          </TxDtls>
        </NtryDtls>
        <AddtlNtryInf>COMPRA EN ONLINE STORE D, CON LA TARJETA : 0000000000000000 EL 21/04/2020 | - | 0000000000000000</AddtlNtryInf>
      </Ntry>
      <Ntry>
        <Amt Ccy="EUR">0.38</Amt>
        <CdtDbtInd>DBIT</CdtDbtInd>
        <Sts>BOOK</Sts>
        <BookgDt>
          <Dt>2020-04-21</Dt>
        </BookgDt>
        <ValDt>
          <Dt>2020-04-21</Dt>
        </ValDt>
        <BkTxCd>
          <Prtry>
            <Cd>100</Cd>
            <Issr>tocamt</Issr>
          </Prtry>
        </BkTxCd>
        <NtryDtls>
          <TxDtls>
            <RmtInf>
              <Ustrd>COMISION POR COMPRAS REALIZADAS EN MONEDA NO EURO | - | 0000000000000000</Ustrd>
            </RmtInf>
          </TxDtls>
        </NtryDtls>
        <AddtlNtryInf>COMISION POR COMPRAS REALIZADAS EN MONEDA NO EURO | - | 0000000000000000</AddtlNtryInf>
      </Ntry>
      <Ntry>
        <Amt Ccy="EUR">12.95</Amt>
        <CdtDbtInd>DBIT</CdtDbtInd>
        <Sts>BOOK</Sts>
        <BookgDt>
          <Dt>2020-04-21</Dt>
        </BookgDt>
        <ValDt>
          <Dt>2020-04-21</Dt>
        </ValDt>
        <BkTxCd>
          <Domn>
            <Cd>PMNT</Cd>
            <Fmly>
              <Cd>ICDT</Cd>
              <SubFmlyCd>ESCT</SubFmlyCd>
            </Fmly>
          </Domn>
          <Prtry>
            <Cd>002</Cd>
            <Issr>tocamt</Issr>
          </Prtry>
        </BkTxCd>
        <NtryDtls>
          <TxDtls>
            <RmtInf>
              <Ustrd>COMPRA EN SAAS VENDOR E, CON LA TARJETA : 0000000000000000 EL 19/04/2020 | - | 0000000000000000</Ustrd>
            </RmtInf>
          </TxDtls>
        </NtryDtls>
        <AddtlNtryInf>COMPRA EN SAAS VENDOR E, CON LA TARJETA : 0000000000000000 EL 19/04/2020 | - | 0000000000000000</AddtlNtryInf>
      </Ntry>
      <Ntry>
        <Amt Ccy="EUR">205.70</Amt>
        <CdtDbtInd>DBIT</CdtDbtInd>
        <Sts>BOOK</Sts>
        <BookgDt>
          <Dt>2020-04-16</Dt>
        </BookgDt>
        <ValDt>
          <Dt>2020-04-16</Dt>
        </ValDt>
        <BkTxCd>
          <Domn>
            <Cd>PMNT</Cd>
            <Fmly>
              <Cd>RDDT</Cd>
              <SubFmlyCd>ESDD</SubFmlyCd>
            </Fmly>
          </Domn>
          <Prtry>
            <Cd>174</Cd>
            <Issr>tocamt</Issr>
          </Prtry>
        </BkTxCd>
        <NtryDtls>
          <TxDtls>
            <RmtInf>
              <Ustrd>RECIBO VENDOR F SL N RECIBO 0000 0000 000 XXXXXXX REF. MANDATO 00000000000000000000000000000000 | - | -</Ustrd>
            </RmtInf>
          </TxDtls>
        </NtryDtls>
        <AddtlNtryInf>RECIBO VENDOR F SL N RECIBO 0000 0000 000 XXXXXXX REF. MANDATO 00000000000000000000000000000000 | - | -</AddtlNtryInf>
      </Ntry>
      <Ntry>
        <Amt Ccy="EUR">9068.12</Amt>
        <CdtDbtInd>CRDT</CdtDbtInd>
        <Sts>BOOK</Sts>
        <BookgDt>
          <Dt>2020-04-09</Dt>
        </BookgDt>
        <ValDt>
          <Dt>2020-04-09</Dt>
        </ValDt>
        <BkTxCd>
          <Domn>
            <Cd>PMNT</Cd>
            <Fmly>
              <Cd>RCDT</Cd>
              <SubFmlyCd>ESCT</SubFmlyCd>
            </Fmly>
          </Domn>
          <Prtry>
            <Cd>071</Cd>
            <Issr>tocamt</Issr>
          </Prtry>
        </BkTxCd>
        <NtryDtls>
          <TxDtls>
            <RmtInf>
              <Ustrd>TRANSFERENCIA DE PAYMENT PROVIDER G, CONCEPTO Factura 13 | - | -</Ustrd>
            </RmtInf>
          </TxDtls>
        </NtryDtls>
        <AddtlNtryInf>TRANSFERENCIA DE PAYMENT PROVIDER G, CONCEPTO Factura 13 | - | -</AddtlNtryInf>
      </Ntry>
      <Ntry>
        <Amt Ccy="EUR">1687.19</Amt>
        <CdtDbtInd>CRDT</CdtDbtInd>
        <Sts>BOOK</Sts>
        <BookgDt>
          <Dt>2020-04-08</Dt>
        </BookgDt>
        <ValDt>
          <Dt>2020-04-08</Dt>
        </ValDt>
        <BkTxCd>
          <Prtry>
            <Cd>071</Cd>
            <Issr>tocamt</Issr>
          </Prtry>
        </BkTxCd>
        <NtryDtls>
          <TxDtls>
            <RmtInf>
              <Ustrd>TRANSFERENCIA DE TAX AUTHORITY, CONCEPTO TAX REFUND 19MOD:303 EXP:2019 | - | -</Ustrd>
            </RmtInf>
          </TxDtls>
        </NtryDtls>
        <AddtlNtryInf>TRANSFERENCIA DE TAX AUTHORITY, CONCEPTO TAX REFUND 19MOD:303 EXP:2019 | - | -</AddtlNtryInf>
      </Ntry>
      <Ntry>
        <Amt Ccy="EUR">79.59</Amt>
        <CdtDbtInd>DBIT</CdtDbtInd>
        <Sts>BOOK</Sts>
        <BookgDt>
          <Dt>2020-04-06</Dt>
        </BookgDt>
        <ValDt>
          <Dt>2020-04-06</Dt>
        </ValDt>
        <BkTxCd>
          <Domn>
            <Cd>PMNT</Cd>
            <Fmly>
              <Cd>ICDT</Cd>
              <SubFmlyCd>ESCT</SubFmlyCd>
            </Fmly>
          </Domn>
          <Prtry>
            <Cd>002</Cd>
            <Issr>tocamt</Issr>
          </Prtry>
        </BkTxCd>
        <NtryDtls>
          <TxDtls>
            <RmtInf>
              <Ustrd>COMPRA EN ONLINE STORE H, CON LA TARJETA : 0000000000000000 EL 02/04/2020 | - | 0000000000000000</Ustrd>
            </RmtInf>
          </TxDtls>
        </NtryDtls>
        <AddtlNtryInf>COMPRA EN ONLINE STORE H, CON LA TARJETA : 0000000000000000 EL 02/04/2020 | - | 0000000000000000</AddtlNtryInf>
      </Ntry>
      <Ntry>
        <Amt Ccy="EUR">2.77</Amt>
        <CdtDbtInd>DBIT</CdtDbtInd>
        <Sts>BOOK</Sts>
        <BookgDt>
          <Dt>2020-04-03</Dt>
        </BookgDt>
        <ValDt>
          <Dt>2020-04-03</Dt>
        </ValDt>
        <BkTxCd>
          <Prtry>
            <Cd>100</Cd>
            <Issr>tocamt</Issr>
          </Prtry>
        </BkTxCd>
        <NtryDtls>
          <TxDtls>
            <RmtInf>
              <Ustrd>COMISION POR COMPRAS REALIZADAS EN MONEDA NO EURO | - | 0000000000000000</Ustrd>
            </RmtInf>
          </TxDtls>
        </NtryDtls>
        <AddtlNtryInf>COMISION POR COMPRAS REALIZADAS EN MONEDA NO EURO | - | 0000000000000000</AddtlNtryInf>
      </Ntry>
      <Ntry>
        <Amt Ccy="EUR">92.41</Amt>
        <CdtDbtInd>DBIT</CdtDbtInd>
        <Sts>BOOK</Sts>
        <BookgDt>
          <Dt>2020-04-03</Dt>
        </BookgDt>
        <ValDt>
          <Dt>2020-04-03</Dt>
        </ValDt>
        <BkTxCd>
          <Domn>
            <Cd>PMNT</Cd>
            <Fmly>
              <Cd>ICDT</Cd>
              <SubFmlyCd>ESCT</SubFmlyCd>
            </Fmly>
          </Domn>
          <Prtry>
            <Cd>002</Cd>
            <Issr>tocamt</Issr>
          </Prtry>
        </BkTxCd>
        <NtryDtls>
          <TxDtls>
            <RmtInf>
              <Ustrd>COMPRA EN CLOUD PROVIDER I, CON LA TARJETA : 0000000000000000 EL 01/04/2020 | - | 0000000000000000</Ustrd>
            </RmtInf>
          </TxDtls>
        </NtryDtls>
        <AddtlNtryInf>COMPRA EN CLOUD PROVIDER I, CON LA TARJETA : 0000000000000000 EL 01/04/2020 | - | 0000000000000000</AddtlNtryInf>
      </Ntry>
      <Ntry>
        <Amt Ccy="EUR">2.71</Amt>
        <CdtDbtInd>DBIT</CdtDbtInd>
        <Sts>BOOK</Sts>
        <BookgDt>
          <Dt>2020-04-02</Dt>
        </BookgDt>
        <ValDt>
          <Dt>2020-04-02</Dt>
        </ValDt>
        <BkTxCd>
          <Prtry>
            <Cd>100</Cd>
            <Issr>tocamt</Issr>
          </Prtry>
        </BkTxCd>
        <NtryDtls>
          <TxDtls>
            <RmtInf>
              <Ustrd>COMISION POR COMPRAS REALIZADAS EN MONEDA NO EURO | - | 0000000000000000</Ustrd>
            </RmtInf>
          </TxDtls>
        </NtryDtls>
        <AddtlNtryInf>COMISION POR COMPRAS REALIZADAS EN MONEDA NO EURO | - | 0000000000000000</AddtlNtryInf>
      </Ntry>
      <Ntry>
        <Amt Ccy="EUR">90.60</Amt>
        <CdtDbtInd>DBIT</CdtDbtInd>
        <Sts>BOOK</Sts>
        <BookgDt>
          <Dt>2020-04-02</Dt>
        </BookgDt>
        <ValDt>
          <Dt>2020-04-02</Dt>
        </ValDt>
        <BkTxCd>
          <Domn>
            <Cd>PMNT</Cd>
            <Fmly>
              <Cd>ICDT</Cd>
              <SubFmlyCd>ESCT</SubFmlyCd>
            </Fmly>
          </Domn>
          <Prtry>
            <Cd>002</Cd>
            <Issr>tocamt</Issr>
          </Prtry>
        </BkTxCd>
        <NtryDtls>
          <TxDtls>
            <RmtInf>
              <Ustrd>COMPRA EN SAAS VENDOR J, CON LA TARJETA : 0000000000000000 EL 31/03/2020 | - | 0000000000000000</Ustrd>
            </RmtInf>
          </TxDtls>
        </NtryDtls>
        <AddtlNtryInf>COMPRA EN SAAS VENDOR J, CON LA TARJETA : 0000000000000000 EL 31/03/2020 | - | 0000000000000000</AddtlNtryInf>
      </Ntry>
      <Ntry>
        <Amt Ccy="EUR">699.73</Amt>
        <CdtDbtInd>DBIT</CdtDbtInd>
        <Sts>BOOK</Sts>
        <BookgDt>
          <Dt>2020-04-02</Dt>
        </BookgDt>
        <ValDt>
          <Dt>2020-04-02</Dt>
        </ValDt>
        <BkTxCd>
          <Domn>
            <Cd>PMNT</Cd>
            <Fmly>
              <Cd>ICDT</Cd>
              <SubFmlyCd>ESCT</SubFmlyCd>
            </Fmly>
          </Domn>
          <Prtry>
            <Cd>002</Cd>
            <Issr>tocamt</Issr>
          </Prtry>
        </BkTxCd>
        <NtryDtls>
          <TxDtls>
            <RmtInf>
              <Ustrd>COMPRA EN ONLINE STORE K, CON LA TARJETA : 0000000000000000 EL 31/03/2020 | - | 0000000000000000</Ustrd>
            </RmtInf>
          </TxDtls>
        </NtryDtls>
        <AddtlNtryInf>COMPRA EN ONLINE STORE K, CON LA TARJETA : 0000000000000000 EL 31/03/2020 | - | 0000000000000000</AddtlNtryInf>
      </Ntry>
      <Ntry>
        <Amt Ccy="EUR">6551.00</Amt>
        <CdtDbtInd>DBIT</CdtDbtInd>
        <Sts>BOOK</Sts>
        <BookgDt>
          <Dt>2020-04-01</Dt>
        </BookgDt>
        <ValDt>
          <Dt>2020-04-01</Dt>
        </ValDt>
        <BkTxCd>
          <Domn>
            <Cd>PMNT</Cd>
            <Fmly>
              <Cd>ICDT</Cd>
              <SubFmlyCd>ESCT</SubFmlyCd>
            </Fmly>
          </Domn>
          <Prtry>
            <Cd>072</Cd>
            <Issr>tocamt</Issr>
          </Prtry>
        </BkTxCd>
        <NtryDtls>
          <TxDtls>
            <RmtInf>
              <Ustrd>TRANSFERENCIA A FAVOR DE EMPLOYEE NAME CONCEPTO Nomina Marzo 2020 | - | -</Ustrd>
            </RmtInf>
          </TxDtls>
        </NtryDtls>
        <AddtlNtryInf>TRANSFERENCIA A FAVOR DE EMPLOYEE NAME CONCEPTO Nomina Marzo 2020 | - | -</AddtlNtryInf>
      </Ntry>
    </Stmt>
  </BkToCstmrStmt>
</Document>
