<?xml version="1.0" encoding="UTF-8"?>
<Document xmlns="urn:iso:std:iso:20022:tech:xsd:camt.053.001.02">
  <BkToCstmrStmt>
    <GrpHdr>
      <MsgId>STMT-2026-0001</MsgId>
      <CreDtTm>2026-01-15T08:00:00</CreDtTm>
    </GrpHdr>
    <Stmt>
      <Id>STMT-ACC-001</Id>
      <CreDtTm>2026-01-15T08:00:00</CreDtTm>
      <FrToDt>
        <FrDtTm>2026-01-01T00:00:00</FrDtTm>
        <ToDtTm>2026-01-14T23:59:59</ToDtTm>
      </FrToDt>
      <Acct>
        <Id>
          <IBAN>PL61109010140000071219812874</IBAN>
        </Id>
        <Ccy>EUR</Ccy>
      </Acct>
      <Bal>
        <Tp>
          <CdOrPrtry>
            <Cd>OPBD</Cd>
          </CdOrPrtry>
        </Tp>
        <Amt Ccy="EUR">1000.00</Amt>
        <CdtDbtInd>CRDT</CdtDbtInd>
        <Dt>
          <Dt>2026-01-01</Dt>
        </Dt>
      </Bal>
      <Bal>
        <Tp>
          <CdOrPrtry>
            <Cd>CLBD</Cd>
          </CdOrPrtry>
        </Tp>
        <Amt Ccy="EUR">1234.50</Amt>
        <CdtDbtInd>CRDT</CdtDbtInd>
        <Dt>
          <Dt>2026-01-14</Dt>
        </Dt>
      </Bal>
      <Ntry>
        <Amt Ccy="EUR">500.00</Amt>
        <CdtDbtInd>CRDT</CdtDbtInd>
        <Sts>BOOK</Sts>
        <BookgDt>
          <Dt>2026-01-03</Dt>
        </BookgDt>
        <ValDt>
          <Dt>2026-01-03</Dt>
        </ValDt>
        <AcctSvcrRef>BANKREF-CR-1</AcctSvcrRef>
        <NtryDtls>
          <TxDtls>
            <Refs>
              <EndToEndId>E2E-INV-1001</EndToEndId>
            </Refs>
            <RltdPties>
              <Dbtr>
                <Nm>Acme Customer Sp. z o.o.</Nm>
              </Dbtr>
              <DbtrAcct>
                <Id>
                  <IBAN>DE89370400440532013000</IBAN>
                </Id>
              </DbtrAcct>
            </RltdPties>
            <RmtInf>
              <Ustrd>Payment for invoice INV-1001</Ustrd>
            </RmtInf>
          </TxDtls>
        </NtryDtls>
      </Ntry>
      <Ntry>
        <Amt Ccy="EUR">265.50</Amt>
        <CdtDbtInd>DBIT</CdtDbtInd>
        <Sts>BOOK</Sts>
        <BookgDt>
          <Dt>2026-01-07</Dt>
        </BookgDt>
        <ValDt>
          <Dt>2026-01-07</Dt>
        </ValDt>
        <AcctSvcrRef>BANKREF-DB-1</AcctSvcrRef>
        <NtryDtls>
          <TxDtls>
            <Refs>
              <EndToEndId>E2E-BILL-2001</EndToEndId>
            </Refs>
            <RltdPties>
              <Cdtr>
                <Nm>Office Supplies Ltd</Nm>
              </Cdtr>
              <CdtrAcct>
                <Id>
                  <IBAN>FR1420041010050500013M02606</IBAN>
                </Id>
              </CdtrAcct>
            </RltdPties>
            <RmtInf>
              <Strd>
                <CdtrRefInf>
                  <Ref>BILL-2001</Ref>
                </CdtrRefInf>
              </Strd>
            </RmtInf>
          </TxDtls>
        </NtryDtls>
      </Ntry>
    </Stmt>
  </BkToCstmrStmt>
</Document>
